@misc{wetterstrand2014dna,
    author={Wetterstrand, K. A.},
    title={{DNA} Sequencing Costs: Data from the {NHGRI} Genome Sequencing Program ({GSP})},
    year={2014},
    howpublished={\url{http://www.genome.gov/sequencingcosts/}}
}

@misc{tcga2014sample,
    author={{The Cancer Genome Atlas}},
    title={Sample Counts for {TCGA} Data},
    year={2014},
    howpublished={\url{https://tcga-data.nci.nih.gov/datareports/sampleSummaryReport.htm}}
}

@article{10002010map,
  title={A map of human genome variation from population-scale sequencing},
  author={1000 {G}enomes {P}roject {C}onsortium and others},
  journal={Nature},
  volume={467},
  number={7319},
  pages={1061--1073},
  year={2010},
  publisher={Nature Publishing Group}
}

@article{weinstein2013cancer,
  title={{T}he Cancer {G}enome {A}tlas pan-cancer analysis project},
  author={Weinstein, John N and Collisson, Eric A and Mills, Gordon B and Shaw, Kenna R Mills and Ozenberger, Brad A and Ellrott, Kyle and Shmulevich, Ilya and Sander, Chris and Stuart, Joshua M and Cancer Genome Atlas Research Network and others},
  journal={Nature genetics},
  volume={45},
  number={10},
  pages={1113--1120},
  year={2013},
  publisher={Nature Publishing Group}
}

@article{foley1972considerations,
  title={Considerations of sample and feature size},
  author={Foley, Donald H},
  journal={Information Theory, IEEE Transactions on},
  volume={18},
  number={5},
  pages={618--626},
  year={1972},
  publisher={IEEE}
}

@article{hua2005optimal,
  title={Optimal number of features as a function of sample size for various classification rules},
  author={Hua, Jianping and Xiong, Zixiang and Lowey, James and Suh, Edward and Dougherty, Edward R},
  journal={Bioinformatics},
  volume={21},
  number={8},
  pages={1509--1515},
  year={2005},
  publisher={Oxford Univ Press}
}

@misc{karolchik2014new,
title={The new {GRCh38} Human Genome Browser has arrived!},
author={Karolchik, Donna},
year={2014},
howpublished={\url{https://groups.google.com/a/soe.ucsc.edu/d/msg/genome-announce/52Kv41YBXNY/n__rnGKMgKwJ}}
}

@article{miga2014centromere,
  title={Centromere reference models for human chromosomes X and Y satellite arrays},
  author={Miga, Karen H and Newton, Yulia and Jain, Miten and Altemose, Nicolas and Willard, Huntington F and Kent, W James},
  journal={Genome research},
  volume={24},
  number={4},
  pages={697--707},
  year={2014},
  publisher={Cold Spring Harbor Lab}
}

@article{degner2009effect,
  title={Effect of read-mapping biases on detecting allele-specific expression from RNA-sequencing data},
  author={Degner, Jacob F and Marioni, John C and Pai, Athma A and Pickrell, Joseph K and Nkadori, Everlyne and Gilad, Yoav and Pritchard, Jonathan K},
  journal={Bioinformatics},
  volume={25},
  number={24},
  pages={3207--3212},
  year={2009},
  publisher={Oxford Univ Press}
}

