@misc{wetterstrand2014dna,
    author={Wetterstrand, K. A.},
    title={{DNA} Sequencing Costs: Data from the {NHGRI} Genome Sequencing Program ({GSP})},
    year={2014},
    howpublished={\url{http://www.genome.gov/sequencingcosts/}}
}

@misc{tcga2014sample,
    author={{The Cancer Genome Atlas}},
    title={Sample Counts for {TCGA} Data},
    year={2014},
    howpublished={\url{https://tcga-data.nci.nih.gov/datareports/sampleSummaryReport.htm}}
}

@misc{10002013release,
    author={1000 {G}enomes {P}roject {C}onsortium},
    title={\texttt{release}},
    year={2013},
    howpublished={\url{ftp://ftp-trace.ncbi.nih.gov/1000genomes/ftp/release}}
}

@article{10002010map,
  title={A map of human genome variation from population-scale sequencing},
  author={1000 {G}enomes {P}roject {C}onsortium and others},
  journal={Nature},
  volume={467},
  number={7319},
  pages={1061--1073},
  year={2010},
  publisher={Nature Publishing Group}
}

@article{weinstein2013cancer,
  title={{T}he {C}ancer {G}enome {A}tlas pan-cancer analysis project},
  author={Weinstein, John N and Collisson, Eric A and Mills, Gordon B and Shaw, Kenna R Mills and Ozenberger, Brad A and Ellrott, Kyle and Shmulevich, Ilya and Sander, Chris and Stuart, Joshua M and Cancer Genome Atlas Research Network and others},
  journal={Nature genetics},
  volume={45},
  number={10},
  pages={1113--1120},
  year={2013},
  publisher={Nature Publishing Group}
}

@article{foley1972considerations,
  title={Considerations of sample and feature size},
  author={Foley, Donald H},
  journal={Information Theory, IEEE Transactions on},
  volume={18},
  number={5},
  pages={618--626},
  year={1972},
  publisher={IEEE}
}

@article{hua2005optimal,
  title={Optimal number of features as a function of sample size for various classification rules},
  author={Hua, Jianping and Xiong, Zixiang and Lowey, James and Suh, Edward and Dougherty, Edward R},
  journal={Bioinformatics},
  volume={21},
  number={8},
  pages={1509--1515},
  year={2005},
  publisher={Oxford Univ Press}
}

@misc{karolchik2014new,
title={The new {GRCh38} Human Genome Browser has arrived!},
author={Karolchik, Donna},
year={2014},
howpublished={\url{https://groups.google.com/a/soe.ucsc.edu/d/msg/genome-announce/52Kv41YBXNY/n__rnGKMgKwJ}}
}

@article{miga2014centromere,
  title={Centromere reference models for human chromosomes {X} and {Y} satellite arrays},
  author={Miga, Karen H and Newton, Yulia and Jain, Miten and Altemose, Nicolas and Willard, Huntington F and Kent, W James},
  journal={Genome research},
  volume={24},
  number={4},
  pages={697--707},
  year={2014},
  publisher={Cold Spring Harbor Lab}
}

@article{degner2009effect,
  title={Effect of read-mapping biases on detecting allele-specific expression from RNA-sequencing data},
  author={Degner, Jacob F and Marioni, John C and Pai, Athma A and Pickrell, Joseph K and Nkadori, Everlyne and Gilad, Yoav and Pritchard, Jonathan K},
  journal={Bioinformatics},
  volume={25},
  number={24},
  pages={3207--3212},
  year={2009},
  publisher={Oxford Univ Press}
}

@article{zaharia2012fast,
  title={Fast and interactive analytics over {H}adoop data with {S}park},
  author={Zaharia, Matei and Chowdhury, Mosharaf and Das, Tathagata and Dave, Ankur and Ma, Justin and Mccauley, Murphy and Franklin, M and Shenker, Scott and Stoica, Ion},
  year={2012},
  pages={45--51},
  journal={;login:},
  volume={36},
  number={4},
  organization={USENIX}
}

@inproceedings{zaharia2012resilient,
  title={Resilient distributed datasets: A fault-tolerant abstraction for in-memory cluster computing},
  author={Zaharia, Matei and Chowdhury, Mosharaf and Das, Tathagata and Dave, Ankur and Ma, Justin and McCauley, Murphy and Franklin, Michael J and Shenker, Scott and Stoica, Ion},
  booktitle={Proceedings of the 9th USENIX Conference on Networked Systems Design and Implementation},
  pages={2--2},
  year={2012},
  organization={USENIX Association}
}



@article{stein2010case,
  title={The case for cloud computing in genome informatics},
  author={Stein, Lincoln D and others},
  journal={Genome Biol},
  volume={11},
  number={5},
  pages={207},
  year={2010}
}

@article{church2011modernizing,
  title={Modernizing reference genome assemblies},
  author={Church, Deanna M and Schneider, Valerie A and Graves, Tina and Auger, Katherine and Cunningham, Fiona and Bouk, Nathan and Chen, Hsiu-Chuan and Agarwala, Richa and McLaren, William M and Ritchie, Graham RS and others},
  journal={{PLoS} biology},
  volume={9},
  number={7},
  pages={e1001091},
  year={2011},
  publisher={Public Library of Science}
}

@article{lunter2011stampy,
  title={Stampy: a statistical algorithm for sensitive and fast mapping of {I}llumina sequence reads},
  author={Lunter, Gerton and Goodson, Martin},
  journal={Genome research},
  volume={21},
  number={6},
  pages={936--939},
  year={2011},
  publisher={Cold Spring Harbor Lab}
}

% See <http://academia.stackexchange.com/a/14015>
@misc{li2014bwa,
  author = {Li, Heng},
  title = {{B}urrows-{W}heeler {A}ligner},
  year = {2014},
  publisher = {GitHub},
  journal = {GitHub repository},
  howpublished = {\url{https://github.com/lh3/bwa}},
  commit = {705aa538947a0681de575f0f0d5c65593f80cf14}
}

@article{danecek2011variant,
  title={The variant call format and {VCFtools}},
  author={Danecek, Petr and Auton, Adam and Abecasis, Goncalo and Albers, Cornelis A and Banks, Eric and DePristo, Mark A and Handsaker, Robert E and Lunter, Gerton and Marth, Gabor T and Sherry, Stephen T and others},
  journal={Bioinformatics},
  volume={27},
  number={15},
  pages={2156--2158},
  year={2011},
  publisher={Oxford Univ Press}
}

@misc{saunders2014about,
    title={About {gVCF}},
    author={Chris Saunders},
    year={2013},
    howpublished={\url{https://sites.google.com/site/gvcftools/home/about-gvcf}}
}

@misc{marshall2013variant, 
    title={The {V}ariant {C}all {F}ormat ({VCF}) 4.2 Specification},
    author={Marshall, John and others},
    year={2013},
    howpublished={\url{http://samtools.github.io/hts-specs/VCFv4.2.pdf}}
}

@inproceedings{ferragina2000opportunistic,
  title={Opportunistic data structures with applications},
  author={Ferragina, Paolo and Manzini, Giovanni},
  booktitle={Foundations of Computer Science, 2000. Proceedings. 41st Annual Symposium on},
  pages={390--398},
  year={2000},
  organization={IEEE}
}

@inproceedings{burrows1994block,
  title={A block-sorting lossless data compression algorithm},
  author={Burrows, Michael and Wheeler, David J},
  year={1994},
  booktitle={{SRC} Research Report 124},
  organization={Digital Equipment Corporation Systems Research Center}
}

@article{manber1993suffix,
  title={Suffix arrays: a new method for on-line string searches},
  author={Manber, Udi and Myers, Gene},
  journal={{SIAM} Journal on Computing},
  volume={22},
  number={5},
  pages={935--948},
  year={1993},
  publisher={SIAM}
}

@misc{langmead2013introduction,
  title={Introduction to the {B}urrows-{W}heeler {T}ransform and {FM} Index},
  author={Langmead, Ben},
  year={2013},
  howpublished={\url{http://www.cs.jhu.edu/~langmea/resources/bwt_fm.pdf}}
}

@article{li2009fast,
  title={Fast and accurate short read alignment with {B}urrows--{W}heeler transform},
  author={Li, Heng and Durbin, Richard},
  journal={Bioinformatics},
  volume={25},
  number={14},
  pages={1754--1760},
  year={2009},
  publisher={Oxford Univ Press}
}

@article{simpson2012efficient,
  title={Efficient de novo assembly of large genomes using compressed data structures},
  author={Simpson, Jared T and Durbin, Richard},
  journal={Genome research},
  volume={22},
  number={3},
  pages={549--556},
  year={2012},
  publisher={Cold Spring Harbor Lab}
}

@article{li2012exploring,
  title={Exploring single-sample {SNP} and {INDEL} calling with whole-genome \textit{de novo} assembly},
  author={Li, Heng},
  journal={Bioinformatics},
  volume={28},
  number={14},
  pages={1838--1844},
  year={2012},
  publisher={Oxford Univ Press}
}

@article{siren2014indexing,
  title={Indexing Graphs for Path Queries with Applications in Genome Research},
  author={Sir{\'e}n, Jouni and Valimaki, N and Makinen, V},
  year={2014},
  journal={{IEEE}/{ACM} Transactions on Computational Biology and Bioinformatics},
  volume={11},
  number={2},
  pages={375--388},
  publisher={IEEE}
}

@inproceedings{siren2009run,
  title={Run-length compressed indexes are superior for highly repetitive sequence collections},
  author={Sir{\'e}n, Jouni and V{\"a}lim{\"a}ki, Niko and M{\"a}kinen, Veli and Navarro, Gonzalo},
  booktitle={String Processing and Information Retrieval},
  pages={164--175},
  year={2009},
  organization={Springer}
}

@article{dilthey2014improved,
  title={Improved genome inference in the {MHC} using a population reference graph},
  author={Dilthey, Alexander and Cox, Charles J and Iqbal, Zamin and Nelson, Matthew R and McVean, Gil},
  journal={bioRxiv},
  pages={006973},
  year={2014},
  publisher={Cold Spring Harbor Labs Journals}
}

@article{thanakornworakij2013reliability,
  title={Reliability model of a system of k nodes with simultaneous failures for high-performance computing applications},
  author={Thanakornworakij, Thanadech and Nassar, Raja and Leangsuksun, Chokchai Box and Paun, Mihaela},
  journal={International Journal of High Performance Computing Applications},
  volume={27},
  number={4},
  pages={474--482},
  year={2013},
  publisher={Sage Publications}
}

@misc{borthakur2008hdfs,
  title={{HDFS} architecture guide},
  author={Borthakur, Dhruba},
  howpublished={\url{http://pristinespringsangus.com/hadoop/docs/hdfs_design.pdf}},
  year={2008}
}

@misc{apache2014interactive,
  title={Interactive Analysis with the {Spark} Shell},
  year={2014},
  booktitle={Quick Start},
  author={{Apache Software Foundation}},
  howpublished={\url{http://spark.apache.org/docs/latest/quick-start.html#interactive-analysis-with-the-spark-shell}}
}

@misc{apache2014cluster,
  title={Cluster Mode Overview},
  year={2014},
  author={{Apache Software Foundation}},
  howpublished={\url{http://spark.apache.org/docs/latest/cluster-overview.html}}
}

@misc{apache2014avro,
  title={Apache {A}vro 1.7.7 {IDL}},
  year={2014},
  author={{Apache Software Foundation}},
  howpublished={\url{http://avro.apache.org/docs/current/idl.html}}
}

@misc{massie2013powerful,
  title={A Powerful Big Data Trio: Spark, Parquet and Avro},
  year={2013},
  author={Massie, Matt},
  howpublished={\url{http://zenfractal.com/2013/08/21/a-powerful-big-data-trio/}}
}

@article{jacobs2014recently,
  title={A recently evolved gene in a region linked to schizophrenia, autism and brain size abnormalities modulates cortical neurogenesis},
  author={Jacobs, Frank MJ and others},
  year={2014}
}

@article{giardine2005galaxy,
  title={Galaxy: a platform for interactive large-scale genome analysis},
  author={Giardine, Belinda and Riemer, Cathy and Hardison, Ross C and Burhans, Richard and Elnitski, Laura and Shah, Prachi and Zhang, Yi and Blankenberg, Daniel and Albert, Istvan and Taylor, James and others},
  journal={Genome research},
  volume={15},
  number={10},
  pages={1451--1455},
  year={2005},
  publisher={Cold Spring Harbor Lab}
}

@article{martin2008drl,
  title={{DrL}: Distributed recursive (graph) layout},
  author={Martin, S and Brown, WM and Klavans, R and Boyack, KW},
  journal={SAND2008-2936J: Sandia National Laboratories},
  year={2008},
  pages={1--10}
}

% TODO: I need something properly citeable for this. Go bug Josh.
@article{novak2014ucsc,
  title={The {UCSC} Tumor Map},
  author={Novak, Adam M and Chopra, Sahil and Baertsch, Robert and Newton, Yulia and Stuart, Josh},
  year={2014}
}

@misc{meng2012parallelized,
  title={Parallelized blat: blat with multi-threads support},
  author={Meng, W},
  year={2012},
  howpublished={\url{https://code.google.com/p/pblat/}}
}

@misc{wright2012decipher,
  title={{DECIPHER}: Database Enabled Code for Ideal Probe Hybridization Employing {R}},
  author={Wright, E},
  year={2012},
  note={{R} package version 1.4.0},
  howpublished={\url{http://www.bioconductor.org/packages/release/bioc/html/DECIPHER.html}}
}

@misc{forrest2013cbc,
  title={{COIN-OR} branch-and-cut {MIP} solver},
  author={Forrest, J and others},
  year={2013},
  howpublished={\url{https://projects.coin-or.org/Cbc}}
}

@article{medvedev2009maximum,
  title={Maximum likelihood genome assembly},
  author={Medvedev, Paul and Brudno, Michael},
  journal={Journal of Computational Biology},
  volume={16},
  number={8},
  pages={1101--1116},
  year={2009},
  publisher={Mary Ann Liebert, Inc. 140 Huguenot Street, 3rd Floor New Rochelle, NY 10801 USA}
}

@misc{ga4gh2014variation,
  title={variationReference.avdl},
  year={2014},
  author={{Global Alliance for Genomics and Health}},
  howpublished={\url{https://github.com/ga4gh/schemas/blob/v0.5/src/main/resources/avro/wip/variationReference.avdl}}
}

@misc{church2014story,
  title={Story behind the most recent human genome update, {GRCh38}},
  year={2014},
  author={Church, Deanna M},
  howpublished={Presentation}
}

@inproceedings{fischer2008other,
  title={An (other) entropy-bounded compressed suffix tree},
  author={Fischer, Johannes and M{\"a}kinen, Veli and Navarro, Gonzalo},
  booktitle={Combinatorial Pattern Matching},
  pages={152--165},
  year={2008},
  organization={Springer}
}

@inproceedings{xin2013graphx,
  title={{GraphX}: A resilient distributed graph system on {Spark}},
  author={Xin, Reynold S and Gonzalez, Joseph E and Franklin, Michael J and Stoica, Ion},
  booktitle={First International Workshop on Graph Data Management Experiences and Systems},
  pages={2},
  year={2013},
  organization={ACM}
}

@article{halevy2009unreasonable,
  title={The unreasonable effectiveness of data},
  author={Halevy, Alon and Norvig, Peter and Pereira, Fernando},
  journal={Intelligent Systems, IEEE},
  volume={24},
  number={2},
  pages={8--12},
  year={2009},
  publisher={IEEE}
}

@article{li2009sequence,
  title={The sequence alignment/map format and {SAMtools}},
  author={Li, Heng and Handsaker, Bob and Wysoker, Alec and Fennell, Tim and Ruan, Jue and Homer, Nils and Marth, Gabor and Abecasis, Goncalo and Durbin, Richard and others},
  journal={Bioinformatics},
  volume={25},
  number={16},
  pages={2078--2079},
  year={2009},
  publisher={Oxford Univ Press}
}

@misc{anthony2012how,
  title={How big is the cloud?},
  year={2012},
  journal={ExtremeTech},
  author={Anthony, Sebastian},
  howpublished={\url{http://www.extremetech.com/computing/129183-how-big-is-the-cloud}},
}

@article{wang2009rna,
  title={RNA-Seq: a revolutionary tool for transcriptomics},
  author={Wang, Zhong and Gerstein, Mark and Snyder, Michael},
  journal={Nature Reviews Genetics},
  volume={10},
  number={1},
  pages={57--63},
  year={2009},
  publisher={Nature Publishing Group}
}

@article{park2009chip,
  title={ChIP--seq: advantages and challenges of a maturing technology},
  author={Park, Peter J},
  journal={Nature Reviews Genetics},
  volume={10},
  number={10},
  pages={669--680},
  year={2009},
  publisher={Nature Publishing Group}
}

@misc{green2014methods,
  title={Methods for genome assembly and haplotype phasing},
  author={Green, Richard E and Lareau, Liana F and others},
  year={2014},
  note={US Patent App. 14/170,339}
}

@article{li2010fast,
  title={Fast and accurate long-read alignment with Burrows--Wheeler transform},
  author={Li, Heng and Durbin, Richard},
  journal={Bioinformatics},
  volume={26},
  number={5},
  pages={589--595},
  year={2010},
  publisher={Oxford Univ Press}
}

@article{langmead2009ultrafast,
  title={Ultrafast and memory-efficient alignment of short {DNA} sequences to the human genome},
  author={Langmead, Ben and Trapnell, Cole and Pop, Mihai and Salzberg, Steven L and others},
  journal={Genome Biol},
  volume={10},
  number={3},
  pages={R25},
  year={2009}
}

@article{dobin2013star,
  title={STAR: ultrafast universal RNA-seq aligner},
  author={Dobin, Alexander and Davis, Carrie A and Schlesinger, Felix and Drenkow, Jorg and Zaleski, Chris and Jha, Sonali and Batut, Philippe and Chaisson, Mark and Gingeras, Thomas R},
  journal={Bioinformatics},
  volume={29},
  number={1},
  pages={15--21},
  year={2013},
  publisher={Oxford Univ Press}
}

@article{earl2014alignathon,
  title={Alignathon: a competitive assessment of whole-genome alignment methods},
  author={Earl, Dent and Nguyen, Ngan and Hickey, Glenn and Harris, Robert S and Fitzgerald, Stephen and Beal, Kathryn and Seledtsov, Igor and Molodtsov, Vladimir and Raney, Brian J and Clawson, Hiram and others},
  journal={Genome research},
  volume={24},
  number={12},
  pages={2077--2089},
  year={2014},
  publisher={Cold Spring Harbor Lab}
}

@article{meyer2013ucsc,
  title={The UCSC Genome Browser database: extensions and updates 2013},
  author={Meyer, Laurence R and Zweig, Ann S and Hinrichs, Angie S and Karolchik, Donna and Kuhn, Robert M and Wong, Matthew and Sloan, Cricket A and Rosenbloom, Kate R and Roe, Greg and Rhead, Brooke and others},
  journal={Nucleic acids research},
  volume={41},
  number={D1},
  pages={D64--D69},
  year={2013},
  publisher={Oxford Univ Press}
}

@article{li2013aligning,
  title={Aligning sequence reads, clone sequences and assembly contigs with BWA-MEM},
  author={Li, Heng},
  journal={arXiv preprint arXiv:1303.3997},
  year={2013}
}

@article{clift1986sequence,
  title={Sequence landscapes},
  author={Clift, B and Haussler, David and McConnell, R and Schneider, Thomas D and Stormo, Gary D},
  journal={Nucleic Acids Research},
  volume={14},
  number={1},
  pages={141--158},
  year={1986},
  publisher={Oxford Univ Press}
}

@article{nguyen2014comparative,
  title={Comparative assembly hubs: Web-accessible browsers for comparative genomics},
  author={Nguyen, Ngan and Hickey, Glenn and Raney, Brian J and Armstrong, Joel and Clawson, Hiram and Zweig, Ann and Karolchik, Donna and Kent, William James and Haussler, David and Paten, Benedict},
  journal={Bioinformatics},
  volume={30},
  number={23},
  pages={3293--3301},
  year={2014},
  publisher={Oxford Univ Press}
}


@incollection{medvedev2007computability,
  title={Computability of models for sequence assembly},
  author={Medvedev, Paul and Georgiou, Konstantinos and Myers, Gene and Brudno, Michael},
  booktitle={Algorithms in Bioinformatics},
  pages={289--301},
  year={2007},
  publisher={Springer}
}

@article{paten2011cactus,
  title={Cactus graphs for genome comparisons},
  author={Paten, Benedict and Diekhans, Mark and Earl, Dent and John, John St and Ma, Jian and Suh, Bernard and Haussler, David},
  journal={Journal of Computational Biology},
  volume={18},
  number={3},
  pages={469--481},
  year={2011},
  publisher={Mary Ann Liebert, Inc. 140 Huguenot Street, 3rd Floor New Rochelle, NY 10801 USA}
}

@article{quail2012tale,
  title={A tale of three next generation sequencing platforms: comparison of Ion Torrent, Pacific Biosciences and Illumina MiSeq sequencers},
  author={Quail, Michael A and Smith, Miriam and Coupland, Paul and Otto, Thomas D and Harris, Simon R and Connor, Thomas R and Bertoni, Anna and Swerdlow, Harold P and Gu, Yong},
  journal={BMC genomics},
  volume={13},
  number={1},
  pages={341},
  year={2012},
  publisher={BioMed Central Ltd}
}

@article{li2008mapping,
  title={Mapping short {DNA} sequencing reads and calling variants using mapping quality scores},
  author={Li, Heng and Ruan, Jue and Durbin, Richard},
  journal={Genome research},
  volume={18},
  number={11},
  pages={1851--1858},
  year={2008},
  publisher={Cold Spring Harbor Lab}
}

@article{sherry2001dbsnp,
  title={{dbSNP}: the {NCBI} database of genetic variation},
  author={Sherry, Stephen T and Ward, M-H and Kholodov, M and Baker, J and Phan, Lon and Smigielski, Elizabeth M and Sirotkin, Karl},
  journal={Nucleic acids research},
  volume={29},
  number={1},
  pages={308--311},
  year={2001},
  publisher={Oxford Univ Press}
}

@article{albers2011dindel,
  title={Dindel: accurate indel calls from short-read data},
  author={Albers, Cornelis A and Lunter, Gerton and MacArthur, Daniel G and McVean, Gilean and Ouwehand, Willem H and Durbin, Richard},
  journal={Genome research},
  volume={21},
  number={6},
  pages={961--973},
  year={2011},
  publisher={Cold Spring Harbor Lab}
}

@article{li2014towards,
  title={Towards better understanding of artifacts in variant calling from high-coverage samples},
  author={Li, Heng},
  journal={Bioinformatics},
  pages={btu356},
  year={2014},
  publisher={Oxford Univ Press}
}

@article{jones2014evaluation,
  title={Evaluation of methods to detect \textit{CALR} mutations in myeloproliferative neoplasms},
  author={Jones, Amy V and Ward, Daniel and Lyon, Matthew and Leung, William and Callaway, Alison and Chase, Andrew and Dent, Carolyn L and White, Helen E and Drexler, Hans G and Nangalia, Jyoti and others},
  journal={Leukemia research},
  year={2014},
  publisher={Elsevier}
}

@article{the1999complete,
  title={Complete sequence and gene map of a human major histocompatibility complex},
  author={{The {MHC} Sequencing Consortium}},
  journal={Nature},
  volume={401},
  number={6756},
  pages={921--923},
  year={1999},
  publisher={Nature Publishing Group}
}

@incollection{schneider2013genome,
  title={Genome Reference Consortium},
  author={Schneider, Valerie and Church, Deanna},
  booktitle={The NCBI Handbook [Internet]},
  address={Bethesda, MD},
  edition={2},
  year={2013},
  publisher={National Center for Biotechnology Information (US)},
  howpublished={\url{http://www.ncbi.nlm.nih.gov/books/NBK153600/}}
}

@article{delcher1999alignment,
  title={Alignment of whole genomes},
  author={Delcher, Arthur L and Kasif, Simon and Fleischmann, Robert D and Peterson, Jeremy and White, Owen and Salzberg, Steven L},
  journal={Nucleic acids research},
  volume={27},
  number={11},
  pages={2369--2376},
  year={1999},
  publisher={Oxford Univ Press}
}

@misc{schneider2015grc,
  author={Schneider, Valerie},
  title={{GRC} Contract email {UM-2040}},
  howpublished={Private communication},
  year={2015}
}

@article{li2010survey,
  title={A survey of sequence alignment algorithms for next-generation sequencing},
  author={Li, Heng and Homer, Nils},
  journal={Briefings in bioinformatics},
  volume={11},
  number={5},
  pages={473--483},
  year={2010},
  publisher={Oxford Univ Press}
}

@phdthesis{harris2007improved,
  title={Improved pairwise alignment of genomic {DNA}},
  year={2007},
  author={Harris, RS},
  school={The Pennsylvania State University}
}

@article{durbin2014efficient,
  title={Efficient haplotype matching and storage using the positional {B}urrows--{W}heeler transform {(PBWT)}},
  author={Durbin, Richard},
  journal={Bioinformatics},
  volume={30},
  number={9},
  pages={1266--1272},
  year={2014},
  publisher={Oxford Univ Press}
}

@article{garrison2016vg,
  title={vg: the variation graph toolkit},
  author={Garrison, Erik},
  year={2016},
  howpublished={\url{https://github.com/vgteam/vg/blob/80e823f5d241796f10b7af6284e0d3d3d464c18f/doc/paper/main.tex}},
  URL={https://github.com/vgteam/vg/blob/80e823f5d241796f10b7af6284e0d3d3d464c18f/doc/paper/main.tex}
}

@article{10002015global,
  title={A global reference for human genetic variation},
  author={{1000 Genomes Project Consortium} and others},
  journal={Nature},
  volume={526},
  number={7571},
  pages={68--74},
  year={2015},
  publisher={Nature Publishing Group}
}

@article{paten2014mapping,
   author = {{Paten}, B. and {Novak}, A. and {Haussler}, D.},
    title = {Mapping to a Reference Genome Structure},
  journal = {ArXiv e-prints},
archivePrefix = "arXiv",
   eprint = {1404.5010},
 primaryClass = "q-bio.GN",
 keywords = {Quantitative Biology - Genomics},
    year = 2014,
    month = apr,
    URL={http://arxiv.org/abs/1404.5010},
}

@article{lunter2016fast,
	author = {Lunter, Gerton},
	title = {Fast haplotype matching in very large cohorts using the {L}i and {S}tephens model},
	year = {2016},
	publisher = {Cold Spring Harbor Labs Journals},
	URL = {http://biorxiv.org/content/early/2016/04/12/048280},
	eprint = {http://biorxiv.org/content/early/2016/04/12/048280.full.pdf},
	journal = {bioRxiv}
}

@inproceedings{nothaft2015rethinking,
  title={Rethinking data-intensive science using scalable analytics systems},
  author={Nothaft, Frank Austin and Massie, Matt and Danford, Timothy and Zhang, Zhao and Laserson, Uri and Yeksigian, Carl and Kottalam, Jey and Ahuja, Arun and Hammerbacher, Jeff and Linderman, Michael and others},
  booktitle={Proceedings of the 2015 ACM SIGMOD International Conference on Management of Data},
  pages={631--646},
  year={2015},
  organization={ACM}
}

@article{hudson2015precision,
  title={The precision medicine initiative cohort program --- Building a Research Foundation for 21st Century Medicine},
  author={Hudson, Kathy and Lifton, Rick and Patrick-Lake, Bray and others},
  year={2015},
  URL={https://www.nih.gov/sites/default/files/research-training/initiatives/pmi/pmi-working-group-report-20150917-2.pdf}
}

@Inbook{novak2016graph,
author= {Novak, Adam M. and Garrison, Erik and Paten, Benedict},
editor= {Frith, Martin and Storm Pedersen, Christian N{\o}rgaard},
title= {A Graph Extension of the Positional Burrows-Wheeler Transform and Its Applications},
bookTitle= {Algorithms in Bioinformatics: 16th International Workshop, WABI 2016, Aarhus, Denmark, August 22-24, 2016. Proceedings},
year= {2016},
publisher= {Springer International Publishing},
address= {Cham}, 
pages= {246--256}, 
isbn= {978-3-319-43681-4}
}








